<?xml version="1.0" encoding="UTF-8"?><collection xmlns="http://www.loc.gov/MARC21/slim"><record><leader>00641nam--2200205-i-4500</leader><controlfield tag="001">000011434</controlfield><controlfield tag="002">20161230</controlfield><controlfield tag="005">20161230201029</controlfield><controlfield tag="008">060222s1000------------r-----000-0-eng-d</controlfield><datafield ind1=" " ind2=" " tag="020"><subfield code="a">0127389024</subfield></datafield><datafield ind1=" " ind2=" " tag="040"><subfield code="a">IFIN-HH</subfield></datafield><datafield ind1=" " ind2=" " tag="080"><subfield code="a">539.17(083.5)</subfield></datafield><datafield ind1="1" ind2=" " tag="100"><subfield code="a">Way, Katharine</subfield></datafield><datafield ind1="1" ind2="0" tag="245"><subfield code="a">Atomic and nuclear data reprints</subfield><subfield code="b">Volume 2 charged-particle reaction list 1948-1971 by f.k. mcgowand, w.t. milner</subfield><subfield code="c">Katharine way (ed.)</subfield></datafield><datafield ind1=" " ind2=" " tag="260"><subfield code="a">New York</subfield><subfield code="b">Academic Press</subfield><subfield code="c">1973</subfield></datafield><datafield ind1=" " ind2=" " tag="300"><subfield code="a">XV + 547 P</subfield></datafield><datafield ind1=" " ind2=" " tag="490"><subfield code="a">Atomic And Nuclear Data Reprints</subfield><subfield code="v">Volume 2</subfield></datafield><datafield ind1="1" ind2=" " tag="700"><subfield code="a">Milner, W.T</subfield></datafield><datafield ind1=" " ind2=" " tag="852"><subfield code="a">42432</subfield><subfield code="c">539.17</subfield></datafield><datafield ind1=" " ind2=" " tag="CAT"><subfield code="a">Sys</subfield><subfield code="c">20120614</subfield><subfield code="h">093405</subfield></datafield></record></collection>